@book{coulouris,
	title = {Distributed Systems},
	subtitle = {Concepts and Design},
	author = {George Coulouris and
	          Jean Dollimore and
			  Tim Kindberg and
			  Gordon Blair},
	year = {2011},
	publisher = {Addison-Wesley}
}

@article{paxos,
	author = {Leslie Lamport},
	title = {The Part-Time Parliament},
	year = {1998},
	issue_date = {May 1998},
	publisher = {Association for Computing Machinery},
	address = {New York, NY, USA},
	volume = {16},
	number = {2},
	issn = {0734-2071},
	url = {https://lamport.azurewebsites.net/pubs/lamport-paxos.pdf},
	doi = {10.1145/279227.279229},
	journal = {ACM Transactions on Computer Systems},
	month = may,
	pages = {133â€“169},
	numpages = {37},
	keywords = {state machines, three-phase commit, voting}
}
