@unpublished{ppt202,
  author = {Maximiliano Alonzo},
  title = {202 - Criptografía Asimétrica y Hashes},
  year = {2020},
  url = {https://webasignatura.ucu.edu.uy/course/view.php?id=6407},
  urldate = {2020-06-07}
}

@unpublished{ppt301,
  author = {Maximiliano Alonzo},
  title = {301 - Authenticación y Autorización},
  year = {2020},
  url = {https://webasignatura.ucu.edu.uy/course/view.php?id=6407},
  urldate = {2020-06-21}
}

@online{itblog-pwhash,
  author = {lucaskauffman},
  title = {About Secure Password Hashing},
  url ={https://security.blogoverflow.com/2013/09/about-secure-password-hashing/},
  urldate = {2020-06-05},
  year = {2013}
}

@online{argon2-jvm,
  author = {Moritz Kammerer},
  title = {Argon2 Binding for the JVM},
  url ={https://github.com/phxql/argon2-jvm},
  urldate = {2020-06-21},
  year = {2017}
}

@online{stackexchange-bcrypt,
  editor = {{StackExchange Information Security}},
  title = {Do any security experts recommend bcrypt for password storage?},
  year = {2017},
  urldate = {2020-06-05},
  url ={https://security.stackexchange.com/questions/4781/do-any-security-experts-recommend-bcrypt-for-password-storage}
}

@online{auth0-bcrypt,
  author = {Dan Arias},
  title = {Hashing in Action},
  subtitle = {Understanding bcrypt},
  date = {2018-05-31},
  urldate = {2020-06-06},
  url ={https://auth0.com/blog/hashing-in-action-understanding-bcrypt/}
}

@online{stackexchange-bcryptsalt,
  editor = {{StackOverflow}},
  title = {How can bcrypt have built-in salts?},
  date = {2015-03-25},
  urldate = {2020-06-06},
  url ={https://stackoverflow.com/questions/6832445/how-can-bcrypt-have-built-in-salts}
}

@online{cryptomathic-aes,
  author = {Rob Stubbs},
  title = {Symmetric Encryption Algorithms},
  subtitle = {Their Strengths and Weaknesses, and the Need for Crypto-Agility},
  date = {2019-03-12},
  urldate = {2020-06-06},
  url = {https://www.cryptomathic.com/news-events/blog/symmetric-encryption-algorithms-their-strengths-and-weaknesses-and-the-need-for-crypto-agility}
}

@online{solarwinds-aes,
  author = {{SolarWinds MSP}},
  title = {Understanding AES 256 Encryption},
  date = {2019-07-29},
  urldate = {2020-06-06},
  url = {https://www.solarwindsmsp.com/blog/aes-256-encryption-algorithm}
}

@book{coulouris,
  author    = {George Coulouris and others},
  editor    = {Andrés Otero},
  title     = {SISTEMAS DISTRIBUIDOS. Conceptos y diseño},
  publisher = {PEARSON EDUCACIÓN, S.A.},
  year      = {2012}
}

@online{gpgbroadcast,
  url = {https://www.gnupg.org/gph/en/manual.html#AEN111},
  title = {Encrypring and decrypting documents},
  editor = {{The Free Software Foundation}},
  year = {1999},
  urldate = {2020-06-07}
}

@report{NIST-RSA,
  author = {Elaine Barker and Quynh Dang},
  title = {Recommendation for Key Management},
  type = {Special Publication},
  institution = {National Institute of Standards and Technology},
  date = {2015-01-22},
  subtitle = {Part 3: Application-Specific Key Management Guidance},
  number = {800-57},
  urldate = {2017-11-24},
  url = {http://nvlpubs.nist.gov/nistpubs/SpecialPublications/NIST.SP.800-57Pt3r1.pdf}
}

@online{keepass,
  editor = {{KeePass}},
  title = {KDBX 4},
  subtitle = {Argon2},
  urldate = {2020-06-09},
  url ={https://keepass.info/help/kb/kdbx_4.html#argon2}
}

@online{phc,
  author = {Jean-Philippe Aumasson and others},
  title = {Password Hashing Competition},
  year = {2015},
  month = {07},
  subtitle = {and our recommendation for hashing passwords: Argon2},
  urldate = {2020-06-09},
  url ={https://password-hashing.net/}
}

@online{stackexchange-crypto-tea,
  editor = {{Cryptography Stack Exchange}},
  title = {Is TEA considered secure?},
  year = {2014},
  urldate = {2020-06-18},
  url ={https://crypto.stackexchange.com/questions/16186/is-tea-considered-secure}
}

@online{bouncycastle,
  editor = {{Legion of the Bouncy Castle Inc.}},
  title = {The Legion of the Bouncy Castle},
  year = {2013},
  urldate = {2020-06-20},
  url ={https://www.bouncycastle.org/java.html}
}

@online{geeksBlowfish,
  editor = {{GeeksforGeeks}},
  title = {Blowfish Algorithm with Examples},
  urldate = {2020-06-20},
  url ={https://www.geeksforgeeks.org/blowfish-algorithm-with-examples/}
}

@online{schneier,
  editor = {{Bruce Schneier}},
  title = {El algoritmo de encriptación Blowfish},
  urldate = {2020-06-20},
  url ={https://www.schneier.com/academic/blowfish/}
}

@online{stackexchange-hybrid,
  editor = {{StackExchange Information Security}},
  title = {Why do you need to encrypt symmetric key?},
  year = {2014},
  urldate = {2020-06-20},
  url ={https://security.stackexchange.com/questions/53638/why-do-you-need-to-encrypt-symmetric-key}
}

@online{stackexchange-crypto-biclique,
  editor = {{Cryptography Stack Exchange}},
  title = {Attacks on Aes (128-192-256) [duplicate]},
  year = {2018},
  urldate = {2020-06-20},
  url ={https://crypto.stackexchange.com/questions/58560/attacks-on-aes-128-192-256}
}

@techreport{rfc6238,
  author = {D. M'Raihi and S. Machani and M. Pei and J. Rydell},
  title = "TOTP: Time-Based One-Time Password Algorithm",
  howpublished = {Internet Requests for Comments},
  type="{RFC}",
  number=6238,
  year = {2011},
  month = {05},
  issn = {2070-1721},
  url={https://tools.ietf.org/rfc/rfc6238.txt}
}

@techreport{nist800-63,
  type        = {Standard},
  key         = {NIST 800-63},
  title       = {NIST Special Publication 800-63: Digital Identity Guidelines},
  institution = {National Institute of Standards and Technology},
  year        = {2019}
}

@techreport{nist800-63b,
  type        = {Standard},
  editor = {NIST},
  title       = {NIST Special Publication 800-63B: Digital Identity Guidelines, Authentication and Lifecycle Management},
  institution = {National Institute of Standards and Technology},
  year        = {2019},
  urldate     = {2020-06-21},
  url = {https://nvlpubs.nist.gov/nistpubs/SpecialPublications/NIST.SP.800-63b.pdf}
}

@online{SecureRandom,
	url = {https://docs.oracle.com/en/java/javase/14/docs/api/java.base/java/security/SecureRandom.html},
	urldate = {2020-06-21},
	title = {Java SE 14},
	subtitle = {java.security.SecureRandom},
	editor = {Oracle},
	date = {2020}
}
jep273

@techreport{nist800-90a,
	url = {https://nvlpubs.nist.gov/nistpubs/SpecialPublications/NIST.SP.800-90Ar1.pdf},
	urldate = {2020-06-21},
	editor = {NIST},
	type        = {Standard},
	key         = {NIST 800-90A},
	title       = {NIST Special Publication 800-90A: Recommendation for Random Number Generation Using Deterministic Random Bit Generators},
	institution = {National Institute of Standards and Technology},
	year        = {2015}
}

@online{jep273,
	url = {https://openjdk.java.net/jeps/273},
	urldate = {2020-06-21},
	title = {JEP 273: DRBG-Based SecureRandom Implementations},
	author = {Weijun Wang},
	date = {2019-11-28}
}

@online{rsa-prk,
  title = {Java Platform Standard Ed. 7},
  url ={https://docs.oracle.com/javase/7/docs/api/java/security/spec/RSAPrivateKeySpec.html},
  urldate = {2020-06-21},
  year = {2018}
}

@online{rsa-puk,
  title = {Java Platform Standard Ed. 7},
  url ={https://docs.oracle.com/javase/7/docs/api/java/security/spec/RSAPublicKeySpec.html},
  urldate = {2020-06-21},
  year = {2018}
}

