@online{functionaldesign,
	url = {https://degoes.net/articles/functional-design},
	urldate = {2020-11-19},
	title = {An Introduction to Functional Design},
	author = {John De Goes},
	date = {2020-08-18}
}

@online{expressionproblem,
	url = {https://en.wikipedia.org/wiki/Expression_problem},
	urldate = {2020-11-19},
	title = {Expression problem},
	editor = {{Wikipedia}}
}

@online{freermonads,
	url = {https://reasonablypolymorphic.com/blog/freer-monads/},
	urldate = {2020-11-19},
	title = {Freer Monads, More Better Programs},
	author = {Sandy Maguire},
	date = {2019-02-13}
}

@online{missiles,
	url = {https://www.johndcook.com/blog/2015/06/04/launching-missiles-with-haskell/},
	urldate = {2020-11-19},
	title = {Launching missiles with Haskell},
	author = {John D. Cook},
	date = {2015-06-04}
}

@online{hooks,
	url = {https://reactjs.org/docs/hooks-intro.html},
	urldate = {2020-11-19},
	title = {Introducing Hooks},
	editor = {Facebook}
}

@online{flux,
	url = {https://facebook.github.io/flux/},
	urldate = {2020-11-19},
	title = {Flux},
	subtitle = {Application architecture for building user interfaces},
	editor = {Facebook}
}

@online{elmarch,
	url = {https://guide.elm-lang.org/architecture/},
	urldate = {2020-11-19},
	title = {The Elm Architecture}
}

@unpublished{polysemy,
	url = {https://www.youtube.com/watch?v=kIwd1D9m1gE},
	urldate = {2020-11-19},
	title = {Maintainable Software Architecture in Haskell (with Polysemy)},
	year = {2020},
	note = {Lambda Days},
	author = {Pawe≈Ç Szulc}
}

@unpublished{pitofsuccess,
	url = {https://www.youtube.com/watch?v=US8QG9I1XW0},
	urldate = {2020-11-19},
	title = {Functional Architecture - The pits of success},
	year = {2016},
	note = {NDC Conferences},
	author = {Mark Seemann}
}

@unpublished{elmdatastructure,
	url = {https://www.youtube.com/watch?v=x1FU3e0sT1I},
	urldate = {2020-11-19},
	title = {Make Data Structures},
	year = {2018},
	note = {Elm Europe},
	author = {Richard Feldman}
}

@online{augmentingcognition,
	url = {http://augmentingcognition.com/ltm.html},
	urldate = {2020-11-19},
	title = {Augmenting Long-term Memory},
	author = {Michael Nielsen},
	year = {2018},
	month = {07}
}

@online{modernfp,
	url = {https://degoes.net/articles/modern-fp},
	urldate = {2020-11-19},
	title = {A Modern Architecture for FP},
	author = {John A De Goes},
	year = {2015}
}

@online{goodnotation,
	url = {https://terrytao.wordpress.com/advice-on-writing-papers/use-good-notation/},
	urldate = {2020-11-19},
	title = {Use good notation},
	author = {Terence Tao},
	year = {2008}
}

@online{typeholes,
	url = {https://reasonablypolymorphic.com/blog/typeholes/},
	urldate = {2020-11-19},
	title = {Implement With Types, Not Your Brain!},
	author = {Sandy Maguire},
	date = {2019-06-25}
}

@book{intromath,
	title = {An Introduction to Mathematics},
	author = {Alfred North Whitehead},
	year = {1991}
}

@book{deepwork,
	title = {Deep Work},
	author = {Cal Newport},
	date = {2016-01-05},
}
